
@article{RK5,
	author = {David Goeken},
	title = {Fifth-order Runge-Kutta with higher order derivative approximations},
	journaltitle = {Electronic Journal of Differential Equations},
	date = {1999},
}
